@misc{ thoughspot,
       author = {ThoughSpot},
       howpublished = {Available from \verb+https://www.thoughtspot.com/+}
       title = {Natural Language Search & Automatic Dashboard},
       year = {2019} }

@book { matrix_computations,
        author = {Gene H. Gloub, Charles F. Van Loan},
        title = Matrix Computations Third Edition,
        year = ? }
