%%% Referências oficiais

@InProceedings{MartinFTM01,
  author = {D. Martin and C. Fowlkes and D. Tal and J. Malik},
  title = {A Database of Human Segmented Natural Images and its
           Application to Evaluating Segmentation Algorithms and
           Measuring Ecological Statistics},
  booktitle = {Proc. 8th Int'l Conf. Computer Vision},
  year = {2001},
  month = {July},
  volume = {2},
  pages = {416--423}
}

@online{MediumInstanceSegmentation2019,
    author = {Joinal Ahmed},
    title = {Instance Segmentation with Mask R-CNN and TensorFlow on Onepanel},
    year = 2019,
    url = {https://medium.com/onepanel/instance-segmentation-with-mask-r-cnn-and-tensorflow-on-onepanel-6a072a4273dd},
    urlaccessdate = {27 mar. 2021},
    note={Motivação sobre o projeto DNAYA, Redes Complexas e Aprendizado de Máquina}
}

@online{DnayaMotivation,
    author = {Verri, Filipe Alves Neto},
    title = {Motivation of DNAYA Project},
    year = 2021,
    url = {https://dnaya-org.github.io/fundamentals/motivation},
    urlaccessdate = {27 mar. 2021},
    note={Motivação sobre o projeto DNAYA, Redes Complexas e Aprendizado de Máquina}
}

@article{ImageSegmentationTechniques1985,
  title =        {Image segmentation techniques},
  journal =      {Computer Vision, Graphics, and Image Processing},
  volume =       29,
  number =       1,
  pages =        {100-132},
  year =         1985,
  issn =         {0734-189X},
  doi =          {https://doi.org/10.1016/S0734-189X(85)90153-7},
  url =
                  {https://www.sciencedirect.com/science/article/pii/S0734189X85901537},
  author =       {Robert M. Haralick and Linda G. Shapiro},
  abstract =     {There are now a wide variety of image segmentation
                  techniques, some considered general purpose and some
                  designed for specific classes of images. These
                  techniques can be classified as: measurement space
                  guided spatial clustering, single linkage region
                  growing schemes, hybrid linkage region growing
                  schemes, centroid linkage region growing schemes,
                  spatial clustering schemes, and split-and-merge
                  schemes. In this paper, each of the major classes of
                  image segmentation techniques is defined and several
                  specific examples of each class of algorithm are
                  described. The techniques are illustrated with
                  examples of segmentations performed on real images.}
}

@misc{he2018mask,
  title =        {Mask R-CNN},
  author =       {Kaiming He and Georgia Gkioxari and Piotr Dollár and
                  Ross Girshick},
  year =         2018,
  eprint =       {1703.06870},
  archivePrefix ={arXiv},
  primaryClass = {cs.CV}
}

@INPROCEEDINGS{VerriRandomWalk2016,
  author =       {F. A. N. {Verri} and L. {Zhao}},
  booktitle =    {2016 5th Brazilian Conference on Intelligent Systems
                  (BRACIS)},
  title =        {Random Walk in Feature-Sample Networks for
                  Semi-supervised Classification},
  year =         2016,
  pages =        {235-240},
  doi =          {10.1109/BRACIS.2016.051}
}

@misc{LuoSemiSupervised2021,
  title =        {Semi-supervised Medical Image Segmentation through
                  Dual-task Consistency},
  author =       {Xiangde Luo and Jieneng Chen and Tao Song and Guotai
                  Wang},
  year =         2021,
  eprint =       {2009.04448},
  archivePrefix ={arXiv},
  primaryClass = {cs.CV}
}

@article{VerriNetworkUnfoldingMap2018,
  title =        {Network Unfolding Map by Vertex-Edge Dynamics
                  Modeling},
  volume =       29,
  ISSN =         {2162-2388},
  url =          {http://dx.doi.org/10.1109/TNNLS.2016.2626341},
  DOI =          {10.1109/tnnls.2016.2626341},
  number =       2,
  journal =      {IEEE Transactions on Neural Networks and Learning
                  Systems},
  publisher =    {Institute of Electrical and Electronics Engineers
                  (IEEE)},
  author =       {Verri, Filipe Alves Neto and Urio, Paulo Roberto and
                  Zhao, Liang},
  year =         2018,
  month =        {Feb},
  pages =        {405–418}
}

@article{SuperpixelSurvey2020,
  author =       {Ibrahim, Abdelhameed and El-kenawy, El-Sayed},
  year =         2020,
  month =        10,
  pages =        {1-10},
  title =        {Image Segmentation Methods Based on Superpixel
                  Techniques: A Survey},
  volume =       1
}

@article{SuperPixelBenchmark2017,
  title =        {Superpixel segmentation: A benchmark},
  journal =      {Signal Processing: Image Communication},
  volume =       56,
  pages =        {28-39},
  year =         2017,
  issn =         {0923-5965},
  doi =          {https://doi.org/10.1016/j.image.2017.04.007},
  url =
                  {https://www.sciencedirect.com/science/article/pii/S0923596517300735},
  author =       {Murong Wang and Xiabi Liu and Yixuan Gao and Xiao Ma
                  and Nouman Q. Soomro},
  keywords =     {Superpixel, Benchmark, Evaluation},
  abstract =     {Various superpixel approaches have been published
                  recently. These algorithms are assessed using
                  different evaluation metrics and datasets resulting
                  in discrepancy in algorithm comparison. This calls
                  for a benchmark to compare the state-of-the-arts
                  methods and evaluate their pros and cons. We analyze
                  benchmark metrics, datasets and built a superpixel
                  benchmark. We evaluated and integrated top 15
                  superpixel algorithms, whose code are publicly
                  available, into one code library and, provide a
                  quantitative comparison of these algorithms. We find
                  that some superpixel algorithms perform consistently
                  better than others. Clustering based superpixel
                  algorithms are more efficient than graph-based
                  ones. Furthermore, we also introduced a novel metric
                  to evaluate superpixel regularity, which is a
                  property that superpixels desired. The evaluation
                  results demonstrate the performance and limitations
                  of state-of-the-art algorithms. Our evaluation and
                  observations give deep insight about different
                  algorithms and will help researchers to identify the
                  more feasible superpixel segmentation methods for
                  their different problems.}
}

@article{JarbasComplexNetworks2020,
  title =        {Fusion of complex networks and randomized neural
                  networks for texture analysis},
  journal =      {Pattern Recognition},
  volume =       103,
  pages =        107189,
  year =         2020,
  issn =         {0031-3203},
  doi =          {https://doi.org/10.1016/j.patcog.2019.107189},
  url =
                  {https://www.sciencedirect.com/science/article/pii/S0031320319304893},
  author =       {Lucas C. Ribas and Jarbas Joaci de Mesquita {Sá
                  Junior} and Leonardo F. S. Scabini and Odemir
                  M. Bruno},
  keywords =     {Randomized neural networks, Complex networks,
                  Texture analysis, Feature extraction},
  abstract =     {This paper presents a high discriminative texture
                  analysis method based on the fusion of complex
                  networks and randomized neural networks. In this
                  approach, the input image is modeled as a complex
                  network and its topological properties as well as
                  the image pixels are used to train randomized neural
                  networks to create a signature that represents the
                  deep characteristics of the texture. The results
                  obtained surpassed the accuracy of many methods
                  available in the literature. This performance
                  demonstrates that our proposed approach opens a
                  promising source of research, which consists of
                  exploring the synergy of neural networks and complex
                  networks in the texture analysis field.}
}

%%%
% Exemplos de referências podem ser encontrados em: https://verbosus.com/bibtex-style-examples.html

@article{lamport1986latex,
  title =        {LaTEX: User's Guide \& Reference Manual},
  author =       {Lamport, Leslie},
  year =         1986,
  publisher =    {Addison-Wesley}
}

@article{wessberg2000real,
  title =        {Real-time prediction of hand trajectory by ensembles
                  of cortical neurons in primates},
  author =       {Wessberg, Johan and Stambaugh, Christopher R and
                  Kralik,Jerald D and Beck, Pamela D and Laubach, Mark
                  and Chapin, John K and Kim, Jung and Biggs, S James
                  and Srinivasan, Mandayam A and Nicolelis, Miguel AL},
  journal =      {Nature},
  volume =       408,
  number =       6810,
  pages =        {361--365},
  year =         2000,
  publisher =    {Nature Publishing Group}
}

@book{knuth,
  title =        {The texbook},
  author =       {Knuth, D.E. and Bibby, D. and Makai, I.},
  volume =       1993,
  year =         1986,
  publisher =    {Addison-Wesley}
}

@misc{lamport,
  title =        {Document Preparation System},
  author =       {Lamport, L. and LaTEX, A.},
  year =         1994,
  publisher =    {Addison-Wesley}
}

@MASTERSTHESIS{Almeida2018,
  author =       {ALMEIDA, M. M. R.},
  TITLE =        {Avaliação de métodos de estimativa da capacidade de
                  carga de fundações diretas em solos não
                  saturados. \text{\normalfont\ 2018. 144 f}},
  SCHOOL =       {Centro de Tecnologia, Programa de Pós-Graduação em
                  Engenharia Civil: Geotecnia, Universidade Federal do
                  Ceará},
  YEAR =         2018,
  volume =       4,
  series =       5,
  address =      {Fortaleza},
  type =         {Mestrado em Engenharia Civil},
}

@phdthesis{Gondim2017,
  author =       {GONDIM, D. R.},
  TITLE =        {Seleção de materiais com potencial aplicação na
                  purificação de IgG humana. \text{\normalfont\
                  2017. 164 f}},
  SCHOOL =       {Centro de Tecnologia, Programa de Pós-Graduação em
                  Engenharia Civil: Geotecnia, Universidade Federal do
                  Ceará},
  YEAR =         2018,
  volume =       4,
  series =       5,
  address =      {Fortaleza},
  type =         {Doutorado em Engenharia Química},
}

@article{mortalidade,
  title =        {Mortalidade neonatal: fatores de risco em um
                  município no sul do Brasil},
  author =       {MARAM, E. and UCHIMURA, T. T.},
  journal =      {Rev. Eletr. Enf.},
  volume =       10,
  number =       1,
  pages =        {29-38},
  year =         2008,
}

@inproceedings{Huetal2000,
  author =       "J. Hu and H.R. Wu and A. Jennings and X. Wang",
  title =        "Fast and robust equalization: A case study",
  booktitle =    "Proceedings of the World Multiconference on
                  Systemics, Cybernetics and Informatics, (SCI 2000),
                  Florida, USA, 23-26 July 2000",
  publisher =    "International Institute of Informatics and
                  Systemics",
  address =      "FL, USA",
  pages =        "398--403",
  year =         2000
}

@book{rakov2003lightning,
  title =        {Lightning},
  subtitle =     {physics and effects},
  author =       {Rakov, Vladimir A and Uman, Martin A},
  year =         2003,
  address =      {[\textit{S. l.}]},
  publisher =    {Cambridge University Press}
}

@online{elat2015densidade,
    author = {GRUPO{ }DE{ }{E}LETRICIDADE{ }{A}TMOSFÉRICA},
    title = {Densidade de descargas atmosféricas para a terra (Ng)},
    year = 2015,
    url = {http://www.inpe.br/webelat/ABNT_NBR5419_Ng/},
    urlaccessdate = {28 jun. 2016},
    note={Dados publicados na ABNT NBR 5419-2:2015 -- Proteção contra descargas atmosféricas – Parte 2: Gerenciamento de risco}
}

@misc{secretaria1999,
  author =       {{S}{\~a}o{ }{P}aulo{ }{(Estado)}},
  address =      {\textit{In}:\underline{\hspace{0.45in}}},
  booktitle =    {Entendendo o meio ambiente},
  organization = {SÃO PAULO {(Estado). Secretaria do Meio Ambiente}},
  title =        {{\normalfont Secretaria do Meio Ambiente.} Tratados
                  e organizações ambientais em matéria de meio
                  ambiente},
  url =          {http://www.bdt.org.br/sma/entendendo/atual.htm},
  urlaccessdate ={8 mar. 1999},
  volume =       1,
  year =         1999
}

@manual{NBR10520:2002,
  address =      {Rio de Janeiro},
  month =        {out.},
  organization = {ASSOCIAÇÃO{ }BRASILEIRA{ }DE{ }NORMAS{ }TÉCNICAS},
  org-short =    {ASSOCIAÇÃO{ }BRASILEIRA{ }DE{ }NORMAS{ }TÉCNICAS},
  title =        {{NBR} 10520},
  subtitle =     {Informação e documentação: citações em documentos:
                  apresentação},
  year =         2002
}

@manual{manuais1989,
  author =       {{S}{\~a}o{ }{P}aulo{ }{(Estado)}},
  address =      {São Paulo},
  organization = {Secretaria do Meio Ambiente. Coordenadoria de
                  Planejamento Ambiental},
  pages =        48,
  title =        {{\normalfont Secretaria do Meio
                  Ambiente. Coordenadoria de Planejamento Ambiental. }
                  Estudo de impacto ambiental – EIA, Relatório de
                  impacto ambiental – RIMA},
  subtitle =     {manual de orientação},
  series =       {Séries Manuais},
  year =         1989
}

@misc{UFC2012,
  author =       {{U}niversidade{ }{F}ederal{ }do{ }{C}ear{\'a}},
  title =        {Reitoria da {U}niversidade {F}ederal do {C}ear{\'a}
                  },
  year =         2012,
  url =          {http://www.ufc.br/contatos/2-a-universidade},
  date =         2016,
  subtitle =     {teste},
  titleaddon =   {•},
  language =     {•},
  version =      {•},
  organization = {•},
  month =        {•},
  addendum =     {•},
  urlaccessdate ={28 jul. 2016}
}

@misc{NASA2016,
  author =       { {A}dministra{\c{c}}{\~a}o{ }{N}acional{ }do{
                  }{E}spa{\c{c}}o{ }e{ }{A}eron{\'a}utica},
  title =        {{G}ráfico{ }da{ }{A}tmosfera{ }{S}uperior },
  year =         2016,
  url =
                  {http://www.nasa.gov/mission_pages/sunearth/science/upper-atmosphere-graphic.html},
  date =         2016,
  subtitle =     {teste},
  titleaddon =   {•},
  language =     {•},
  version =      {•},
  organization = {•},
  month =        {•},
  addendum =     {•},
  urlaccessdate ={28 jul. 2016}
}

@book{goossens1994latex,
  title =        {The LATEX companion},
  author =       {Goossens, Michel and Mittelbach, Frank and Samarin,
                  Alexander and Souidi, El Mamoun},
  volume =       2,
  year =         1994,
  address =      {[\textit{S. l.}]},
  publisher =    {Addison-Wesley Reading, Massachusetts}
}

@article{feitosa2016,
  title =        {Complexas mediações},
  subtitle =     {transdisciplinaridade e incertezas nas recepções
                  informacionais},
  author =       {L Feitosa},
  journal =      {Informação em Pauta},
  volume =       1,
  number =       1,
  pages =        {98-117},
  year =         2016,
  publisher =    {Fortaleza}
}

@book{LangtangenLogg2017,
  title =        {Solving PDEs in Python},
  author =       {Hans Petter Langtangen and Anders Logg},
  year =         2017,
  publisher =    {Springer},
  doi =          {10.1007/978-3-319-52462-7},
  address =      {[\textit{S. l.}]},
  isbn =         {978-3-319-52461-0},
}
